@FOOTNOTE{Note1,key="Note1",note="Figure. 9 at page 46. from \cite {EUROMET} shows the absolute power measurement between the standard institute from nine countries."}
@FOOTNOTE{Note2,key="Note2",note="Figure. 9 at page 46. from \cite {EUROMET} shows the absolute power measurement between the standard institute from nine countries. The systematic discrepancies between nine countries are as large as 3.5 \%."}
@CONTROL{REVTEX41Control}
@CONTROL{apsrev41Control,author="08",editor="1",pages="0",title="",year="1"}
